<?xml version="1.0" encoding="UTF-8"?><collection xmlns="http://www.loc.gov/MARC21/slim"><record><leader>00515nam--2200181-u-4500</leader><controlfield tag="001">000055597</controlfield><controlfield tag="002">20161230</controlfield><controlfield tag="005">20161230201052</controlfield><controlfield tag="008">130228s1000------------r-----000-0-eng-d</controlfield><datafield ind1=" " ind2=" " tag="040"><subfield code="a">IFIN-HH</subfield></datafield><datafield ind1=" " ind2=" " tag="080"><subfield code="a">413.232=3=S</subfield></datafield><datafield ind1="1" ind2=" " tag="100"><subfield code="a">Lepinga, A.A</subfield></datafield><datafield ind1="1" ind2="0" tag="245"><subfield code="a">Nemetko-russkii slovari</subfield><subfield code="b">Deutsch russisches worterbuch</subfield><subfield code="c">A.a. lepinga, n.p. strahovoi</subfield></datafield><datafield ind1=" " ind2=" " tag="260"><subfield code="a">Moskva</subfield><subfield code="b">Inostrannih I Nationalnih Slovarei</subfield><subfield code="c">1958</subfield></datafield><datafield ind1=" " ind2=" " tag="300"><subfield code="a">1304P</subfield></datafield><datafield ind1="1" ind2=" " tag="700"><subfield code="a">Strahovoi, N.P</subfield></datafield><datafield ind1=" " ind2=" " tag="852"><subfield code="a">D.170</subfield><subfield code="c">SLCH</subfield></datafield><datafield ind1=" " ind2=" " tag="CAT"><subfield code="a">Sys</subfield><subfield code="c">20130228</subfield><subfield code="h">142115</subfield></datafield></record></collection>